
@article{Genesereth:1985:LP:4284.4287,
 author = {Genesereth, Michael R. and Ginsberg, Matthew L.},
 title = {Logic programming},
 journal = {Commun. ACM},
 volume = {28},
 issue = {9},
 month = {September},
 year = {1985},
 issn = {0001-0782},
 pages = {933--941},
 numpages = {9},
 url = {http://doi.acm.org/10.1145/4284.4287},
 doi = {http://doi.acm.org/10.1145/4284.4287},
 acmid = {4287},
 publisher = {ACM},
 address = {New York, NY, USA},
} 

@article{Sakama:2008:CAS:1342991.1342993,
 author = {Sakama, Chiaki and Inoue, Katsumi},
 title = {Coordination in answer set programming},
 journal = {ACM Trans. Comput. Logic},
 volume = {9},
 issue = {2},
 month = {April},
 year = {2008},
 issn = {1529-3785},
 pages = {9:1--9:30},
 articleno = {9},
 numpages = {30},
 url = {http://doi.acm.org/10.1145/1342991.1342993},
 doi = {http://doi.acm.org/10.1145/1342991.1342993},
 acmid = {1342993},
 publisher = {ACM},
 address = {New York, NY, USA},
 keywords = {Answer set programming, coordination, multiagent systems},
} 





@incollection{bottou2010large,
  title={Large-scale machine learning with stochastic gradient descent},
  author={Bottou, L{\'e}on},
  booktitle={COMPSTAT'2010},
  pages={177--186},
  year={2010},
  OPTpublisher={Springer}
} 


@inproceedings{stonebraker2005c,
  title={C-store: a column-oriented DBMS},
  OPTauthor={Stonebraker, Mike and Abadi, Daniel J and Batkin, Adam and Chen, Xuedong and Cherniack, Mitch and Ferreira, Miguel and Lau, Edmond and Lin, Amerson and Madden, Sam and O'Neil, Elizabeth and others},
  author={Stonebraker, Mike and others},
  booktitle={VLDB Endow.},
  OPTpages={553--564},
  year={2005},
  OPTorganization={VLDB Endowment}
}

@article{parnin2013adoption,
  title={Adoption and use of Java generics},
  author={Parnin, Chris and Bird, Christian and Murphy-Hill, Emerson},
  journal={Empirical Software Engineering},
  volume={18},
  number={6},
  OPTpages={1047--1089},
  year={2013},
  OPTpublisher={Springer}
}

@inproceedings{stroustrup1996history,
  title={A history of C++: 1979--1991},
  author={Stroustrup, Bjarne},
  booktitle={History of programming languages---II},
  pages={699--769},
  year={1996},
  OPTorganization={ACM}
}

@article{codd1970relational,
  title={A relational model of data for large shared data banks},
  author={Codd, Edgar F},
  journal={Communications of the ACM},
  volume={13},
  number={6},
  pages={377--387},
  year={1970},
  OPTpublisher={ACM}
}

@article{taylor1976codasyl,
  title={CODASYL data-base management systems},
  author={Taylor, Robert W and Frank, Randall L},
  journal={ACM CSUR},
  volume={8},
  number={1},
  pages={67--103},
  year={1976},
  publisher={ACM}
}

@article{strickland1982ims,
  title={IMS/VS: An evolving system},
  author={Strickland, Jimmy P. and Uhrowczik, Peter P. and Watts, Vern L.},
  journal={IBM Systems Journal},
  volume={21},
  number={4},
  pages={490--510},
  year={1982},
  publisher={IBM}
}

@inproceedings{atkinson1989object,
  title={The Object-Oriented Database System Manifesto.},
  OPTauthor={Atkinson, Malcolm P and Bancilhon, Francois and DeWitt, David J and Dittrich, Klaus R and Maier, David and Zdonik, Stanley B},
  author={Atkinson, Malcolm P and others},
  booktitle={DOOD},
  volume={89},
  pages={40--57},
  year={1989}
}

@book{stonebraker1995object,
  title={Object Relational DBMSs: The Next Great Wave},
  author={Stonebraker, Michael and Moore, Dorothy},
  year={1995},
  publisher={Morgan Kaufmann Publishers Inc.}
}

@article{Alsubaiee:2014:ASO:2733085.2733096,
 OPTauthor = {Alsubaiee, Sattam and Altowim, Yasser and Altwaijry, Hotham and Behm, Alexander and Borkar, Vinayak and Bu, Yingyi and Carey, Michael and Cetindil, Inci and Cheelangi, Madhusudan and Faraaz, Khurram and Gabrielova, Eugenia and Grover, Raman and Heilbron, Zachary and Kim, Young-Seok and Li, Chen and Li, Guangqiang and Ok, Ji Mahn and Onose, Nicola and Pirzadeh, Pouria and Tsotras, Vassilis and Vernica, Rares and Wen, Jian and Westmann, Till},
 author = {Alsubaiee, Sattam and others}, 
 title = {AsterixDB: A Scalable, Open Source BDMS},
 journal = {VLDB Endow.},
 issue_date = {October 2014},
 volume = {7},
 number = {14},
 month = oct,
 year = {2014},
 issn = {2150-8097},
 pages= {1905--1916},
 numpages = {12},
 url = {http://dx.doi.org/10.14778/2733085.2733096},
 doi = {10.14778/2733085.2733096},
 acmid = {2733096},
 OPTpublisher = {VLDB Endowment},
}

@article{crockford2006application,
  title={The application/json media type for javascript object notation (json)},
  author={Crockford, Douglas},
  year={2006}
}

@book{chodorow2013mongodb,
  title={MongoDB: the definitive guide},
  author={Chodorow, Kristina},
  year={2013},
  publisher={" O'Reilly Media, Inc."}
}

@article{shukla2015schema,
  title={Schema-agnostic indexing with Azure DocumentDB},
  OPTauthor={Shukla, Dharma and Thota, Shireesh and Raman, Karthik and Gajendran, Madhan and Shah, Ankur and Ziuzin, Sergii and Sundaram, Krishnan and Guajardo, Miguel Gonzalez and Wawrzyniak, Anna and Boshra, Samer and others},
  author={Shukla, Dharma and others},
  journal={VLDB Endow.},
  volume={8},
  number={12},
  pages={1668--1679},
  year={2015},
  publisher={VLDB Endowment}
}

@inproceedings{sivasubramanian2012amazon,
  title={Amazon dynamoDB: a seamlessly scalable non-relational database service},
  author={Sivasubramanian, Swaminathan},
  OPTbooktitle={Proceedings of the 2012 ACM SIGMOD International Conference on Management of Data},
  booktitle={SIGMOD 2012},
  OPTpages={729--730},
  OPTyear={2012},
  OPTOPTorganization={ACM}
}


@book{anderson2010couchdb,
  title={CouchDB: the definitive guide},
  author={Anderson, J Chris and Lehnardt, Jan and Slater, Noah},
  year={2010},
  publisher={"O'Reilly Media, Inc."}
}


@misc{kryo,
  title={Kryo Serialization Package},
  howpublished={https://github.com/EsotericSoftware/kryo},
  year={2016}
}

@misc{flatbuffers,
  title={Google FlatBuffers Serialization Package},
  howpublished={https://github.com/google/flatbuffers},
  year={2016}
}


@misc{tpch,
	author={Transaction Processing Performance Council },
	title={The TPC Benchmark (TPC-H) A decision support benchmark for an Ad-hoc Decision Support System.},
	howpublished={http://www.tpc.org/tpch/},
	year={1999}
}

@inproceedings{crotty2015tupleware,
  title={Tupleware:" Big" Data, Big Analytics, Small Clusters.},
  OPTauthor={Crotty, Andrew and Galakatos, Alex and Dursun, Kayhan and Kraska, Tim and Cetintemel, Ugur and Zdonik, Stanley B},
  author={Crotty, Andrew and others},
  booktitle={CIDR},
  year={2015}
}

@misc{bson,
  title={BSON Interchange Format},
  howpublished={http://bsonspec.org},
  year={2016}
}

@article{bray1998extensible,
  title={Extensible markup language (XML)},
  OPTauthor={Bray , Tim and Paoli, Jean and Sperberg-McQueen, C Michael and Maler, Eve and Yergeau, Fran{\c{c}}ois},
  author={Bray , Tim and others},
  journal={W3C REC-xml-19980210. http://www.w3. org/TR/1998/REC-xml-19980210},
  volume={16},
  pages={16},
  year={1998}
}

@book{karlsson2005beyond,
  title={Beyond the C++ standard library: an introduction to boost},
  author={Karlsson, Bj{\"o}rn},
  year={2005},
  publisher={Pearson Education}
}

@article{varda2008protocol,
  title={Protocol buffers: Google's data interchange format},
  author={Varda, Kenton},
  journal={Google Open Source Blog},
  year={2008}
}

@article{Melnik:2010:DIA:1920841.1920886,
 OPTauthor = {Melnik, Sergey and Gubarev, Andrey and Long, Jing Jing and Romer, Geoffrey and Shivakumar, Shiva and Tolton, Matt and Vassilakis, Theo},
 author = {Melnik, Sergey and others},
 title = {Dremel: Interactive Analysis of Web-scale Datasets},
 journal = {VLDB Endow.},
 issue_date = {September 2010},
 volume = {3},
 number = {1-2},
 month = sep,
 year = {2010},
 issn = {2150-8097},
 pages= {330--339},
 numpages = {10},
 url = {http://dx.doi.org/10.14778/1920841.1920886},
 doi = {10.14778/1920841.1920886},
 acmid = {1920886},
 publisher = {VLDB Endowment},
} 




@inproceedings{DBLP:conf/ipps/PhilippsenH99,
  author    = {Michael Philippsen and
               Bernhard Haumacher},
  title     = {More Efficient Object Serialization},
  booktitle = {{IPPS/SPDP} Workshops},
  series    = {LNCS},
  volume    = {1586},
  pages    = {718--732},
  publisher = {Springer},
  year      = {1999}
}


@article{DBLP:journals/concurrency/PhilippsenHN00,
  author    = {Michael Philippsen and
               Bernhard Haumacher and
               Christian Nester},
  title     = {More efficient serialization and {RMI} for Java},
  journal   = {Concurrency - Practice and Experience},
  volume    = {12},
  number    = {7},
  pages    = {495--518},
  year      = {2000}
}



@INPROCEEDINGS{776421, 
author={Lukasz Opyrchal and Atul Prakash}, 
booktitle={Electronic Commerce and Web-based Applications/Middleware, 1999. Proceedings. 19th IEEE International Conference on Distributed Computing Systems Workshops on}, 
title={Efficient object serialization in Java}, 
year={1999}, 
pages={96-101}, 
keywords={Java;abstract data types;distributed object management;distributed programming;object-oriented programming;API;Java;Java Development Kit;Sun Microsystems;abstract data types;distributed applications;distributed systems;object serialization;pickling;serialized representation;Argon;Degradation;Delay;Electrical capacitance tomography;Java;Pickling;Protocols;Standards development;Sun}, 
doi={10.1109/ECMDD.1999.776421}, 
}


@inproceedings{abadi2006integrating,
  title={Integrating compression and execution in column-oriented database systems},
  author={Abadi, Daniel and Madden, Samuel and Ferreira, Miguel},
  booktitle={Proceedings of the 2006 ACM SIGMOD international conference on Management of data},
  pages={671--682},
  year={2006},
  organization={ACM}
}

@article{floratou2011column,
  title={Column-oriented storage techniques for MapReduce},
  author={Floratou, Avrilia and Patel, Jignesh M and Shekita, Eugene J and Tata, Sandeep},
  journal={Proceedings of the VLDB Endowment},
  volume={4},
  number={7},
  pages={419--429},
  year={2011},
  publisher={VLDB Endowment}
}




@inproceedings{armbrust2015spark,
  title={Spark SQL: Relational data processing in spark},
  author={Armbrust, M. and others},
  booktitle={SIGMOD},
  pages={1383--1394},
  year={2015},
  organization={ACM}
}

@inproceedings{dean2012large,
  title={Large scale distributed deep networks},
  author={Dean et al, Jeffrey},
  booktitle={NIPS},
  pages={1223--1231},
  year={2012}
}

@inproceedings{bergstra2011theano,
  title={Theano: Deep learning on gpus with python},
  author={Bergstra et. al, James},
  booktitle={BigLearning Workshop},
  year={2011}
}

@article{abaditensorflow,
  title={TensorFlow: Large-scale machine learning on heterogeneous systems, 2015},
  author={Abadi et al, Mart{\i}n},
  journal={Software available from tensorflow. org}
}

@article{hueske2012opening,
  title={Opening the black boxes in data flow optimization},
  author={Hueske, Fabian and Peters, Mathias and Sax, Matthias J and Rheinl{\"a}nder, Astrid and Bergmann, Rico and Krettek, Aljoscha and Tzoumas, Kostas},
  journal={Proceedings of the VLDB Endowment},
  volume={5},
  number={11},
  pages={1256--1267},
  year={2012},
  publisher={VLDB Endowment}
}

@article{cornacchia2008ir,
 author = {Cornacchia, Roberto and H{\'e}man, S\'{a}ndor and Zukowski, Marcin and Vries, Arjen P. and Boncz, Peter},
 title = {Flexible and Efficient {IR} Using Array Databases},
 journal = {VLDBJ},
 issue_date = {January   2008},
 volume = {17},
 number = {1},
 month = jan,
 year = {2008},
 pages = {151--168},
 publisher = {VLDB Endowment},
}

@book{pohl1969first,
  title={First results on the effect of error in heuristic search},
  author={Pohl, Ira},
  year={1969},
  publisher={Edinburgh University, Department of Machine Intelligence and Perception}
}

@inproceedings{chaudhuri1998microsoft,
  title={Microsoft index turning wizard for {SQL} {S}erver 7.0},
  author={Chaudhuri, Surajit and Narasayya, Vivek},
  booktitle={SIGMOD},
  volume={27},
  number={2},
  pages={553--554},
  year={1998},
}

@article{andrieu2003introduction,
  title={An introduction to {MCMC} for machine learning},
  author={Andrieu, Christophe and De Freitas, Nando and Doucet, Arnaud and Jordan, Michael I},
  journal={Machine learning},
  volume={50},
  number={1-2},
  pages={5--43},
  year={2003},
  publisher={Springer}
}

@inproceedings{cai2014comparison,
  title={A comparison of platforms for implementing and running very large scale machine learning algorithms},
  author={Cai, Zhuhua and Gao, Zekai J and Luo, Shangyu and Perez, Luis L and Vagena, Zografoula and Jermaine, Christopher},
  booktitle={SIGMOD},
  pages={1371--1382},
  year={2014},
}

@inproceedings{cai2013simulation,
  title={Simulation of database-valued {M}arkov chains using {S}im{SQL}},
  author={Cai, Zhuhua and Vagena, Zografoula and Perez, Luis L and Arumugam, Subramanian and Haas, Peter J and Jermaine, Christopher},
  booktitle={SIGMOD},
  pages={637--648},
  year={2013},
}


@inproceedings{malewicz2010pregel,
  title={Pregel: a system for large-scale graph processing},
  author={Malewicz, Grzegorz and Austern, Matthew H and Bik, Aart JC and Dehnert, James C and Horn, Ilan and Leiser, Naty and Czajkowski, Grzegorz},
  booktitle={SIGMOD},
  pages={135--146},
  year={2010},
}


@article{low2014graphlab,
  title={Graph{L}ab: A new framework for parallel machine learning},
  author={Low, Yucheng and Gonzalez, Joseph E and Kyrola, Aapo and Bickson, Danny and Guestrin, Carlos E and Hellerstein, Joseph},
  journal={arXiv preprint arXiv:1408.2041},
  year={2014}
}

@inproceedings{van2004ram,
  title={{RAM}: a multidimensional array {DBMS}},
  author={van Ballegooij, Alex R},
  booktitle={Conf. on Current Trends in DB Tech.},
  pages={154--165},
  year={2004},
  organization={Springer-Verlag}
}

@inproceedings{tannen1992structural,
  title={Structural recursion as a query language},
  author={Tannen, Val and Buneman, Peter and Naqvi, Shamim},
  booktitle={DBPL},
  pages={9--19},
  year={1992},
  organization={Morgan Kaufmann Publishers Inc.}
}

@inproceedings{libkin1996query,
 author = {Libkin, Leonid and Machlin, Rona and Wong, Limsoon},
 title = {A Query Language for Multidimensional Arrays: Design, Implementation, and Optimization Techniques},
 booktitle = {SIGMOD},
 year = {1996},
 pages = {228--239},
}

@inproceedings{maier1993call,
  title={A call to order},
  author={Maier, David and Vance, Bennet},
  booktitle={PODS},
  pages={1--16},
  year={1993},
}

@article{hoffman2013uturn,
  author = {Matthew D. Hoffman and Andrew Gelman},
  year = {2013},
  title = {The No-{U}-Turn Sampler: Adaptively Setting Path Lengths
           in {H}amiltonian {M}onte {C}arlo},
  journal = {Journal of Machine Learning Research},
  volume = {15},
  number = {Apr},
  pages = {1593--1623}
}

@misc{infernet2012,
  author = {Minka, T. and Winn, J.M. and Guiver, J.P. and Knowles, D.A.},
  title = {{Infer.NET 2.5}},
  year = 2012,
  note = {Microsoft Research Cambridge. http://research.microsoft.com/infernet}
}

@inproceedings{mccallum2009factorie,
  title={Factorie: Probabilistic programming via imperatively defined factor graphs},
  author={McCallum, Andrew and Schultz, Karl and Singh, Sameer},
  booktitle={NIPS},
  pages={1249--1257},
  year={2009}
}

@inproceedings{deraedt2007problog,
  title={{ProbLog}: A Probabilistic {P}rolog and Its Application in Link Discovery.},
  author={De Raedt, Luc and Kimmig, Angelika and Toivonen, Hannu},
  booktitle={IJCAI},
  volume={7},
  pages={2462--2467},
  year={2007}
}

@inproceedings{goodman2008church,
  title = {Church: a language for generative models},
  author = {Noah D. Goodman and Vikash K. Mansinghka and Daniel M. Roy and Keith Bonawitz and Joshua B. Tenenbaum},
  booktitle = {Proc. UAI},
  year = {2008},
}

@article{blei2003lda,
  title={{L}atent {D}irichlet {A}llocation},
  author={Blei, David M and Ng, Andrew Y and Jordan, Michael I},
  journal={The Journal of Machine Learning Research},
  volume={3},
  pages={993--1022},
  year={2003},
}

@inproceedings{agrawal2000views,
 author = {Agrawal, Sanjay and Chaudhuri, Surajit and Narasayya, Vivek R.},
 title = {Automated Selection of Materialized Views and Indexes in SQL Databases},
 booktitle = {VLDB},
 year = {2000},
 pages = {496--505},
} 

@article{kossman2000cache,
 author = {Kossmann, Donald and Franklin, Michael J. and Drasch, Gerhard and Ag, Wig},
 title = {Cache investment: integrating query optimization and distributed data placement},
 journal = {TODS},
 volume = {25},
 number = {4},
 year = {2000},
 issn = {0362-5915},
 numpages = {42},
} 

@article{tibshirani1996lasso,
  title={Regression shrinkage and selection via the {L}asso},
  author={Tibshirani, Robert},
  journal={JRSS Series B (Methodological)},
  pages={267--288},
  year={1996},
}

@article{stonebraker2010cacm, 
  author = {Stonebraker, Michael and Abadi, Daniel and DeWitt, David J. and Madden, Sam and Paulson, Erik and Pavlo, Andrew and Rasin, Alexander}, 
  title = {{M}ap{R}educe and Parallel {DBMS}s: Friends or Foes?}, 
  journal = {CACM}, 
  volume = {53}, 
  number = {1}, 
  year = {2010}, 
  pages = {64--71}, 
 }

@inproceedings{pavlo09comparison, 
  author = {Pavlo, Andrew and Paulson, Erik and Rasin, Alexander and Abadi, Daniel J. and DeWitt, David J. and Madden, Samuel and Stonebraker, Michael}, 
  title = {A comparison of approaches to large-scale data analysis}, 
  booktitle = {SIGMOD}, 
  year = {2009}, 
  pages = {165--178}, 
  publisher = {ACM}, 
}

@inproceedings{low2012graphlab,
  title={Distributed {G}raph{L}ab: a framework for machine learning and data mining in the cloud},
  author={Low, Yucheng and Bickson, Danny and Gonzalez, Joseph and Guestrin, Carlos and Kyrola, Aapo and Hellerstein, Joseph M},
  journal={VLDB},
  volume={5},
  number={8},
  pages={716--727},
  year={2012},
  publisher={VLDB Endowment}
}

@inproceedings{ghoting2011systemml,
  title={System{ML}: Declarative machine learning on MapReduce},
  author={Ghoting, Amol and Krishnamurthy, Rajasekar and Pednault, Edwin and Reinwald, Berthold and Sindhwani, Vikas and Tatikonda, Shirish and Tian, Yuanyuan and Vaithyanathan, Shivakumar},
  booktitle={ICDE},
  pages={231--242},
  year={2011},
}

@article{dempster1977maximum,
  title={Maximum likelihood from incomplete data via the {EM} algorithm},
  author={Dempster, Arthur P and Laird, Nan M and Rubin, Donald B},
  journal={Journal of the royal statistical society. Series B (methodological)},
  pages={1--38},
  year={1977},
  publisher={JSTOR}
}

@article{borkar2012declarative,
  title={Declarative Systems for Large-Scale Machine Learning.},
  author={Borkar, Vinayak R and others},
  journal={IEEE DEB},
  volume={35},
  number={2},
  pages={24--32},
  year={2012}
}

@article{hellerstein2012madlib,
  title={The {MAD}lib analytics library: or {MAD} skills, the {SQL}},
  author={Hellerstein, Joseph M and R{\'e}, Christoper and Schoppmann, Florian and Wang, Daisy Zhe and Fratkin, Eugene and Gorajek, Aleksander and Ng, Kee Siong and Welton, Caleb and Feng, Xixuan and Li, Kun and others},
  journal={VLDB},
  volume={5},
  number={12},
  pages={1700--1711},
  year={2012},
  publisher={VLDB Endowment}
}

@inproceedings{buck2011scihadoop,
  title={Sci{H}adoop: Array-based query processing in {H}adoop},
  author={Buck, Joe B and Watkins, Noah and LeFevre, Jeff and Ioannidou, Kleoni and Maltzahn, Carlos and Polyzotis, Neoklis and Brandt, Scott},
  booktitle={ACM SC},
  pages={66},
  year={2011},
}
@inproceedings{brown2010overview,
  title={Overview of {S}ci{DB}: large scale array storage, processing and analysis},
  author={Brown, Paul G},
  booktitle={SIGMOD},
  pages={963--968},
  year={2010},
}


@inproceedings{das2010ricardo,
  title={Ricardo: integrating {R} and {H}adoop},
  author={Das, Sudipto and Sismanis, Yannis and Beyer, Kevin S and Gemulla, Rainer and Haas, Peter J and McPherson, John},
  booktitle={SIGMOD},
  pages={987--998},
  year={2010},
}

@inproceedings{ching2011giraph,
  title={Giraph: Large-scale graph processing infrastructure on {H}adoop},
  author={Ching, Avery and Kunz, C},
  journal={Hadoop Summit},
  volume={6},
  number={29},
  pages={2011},
  year={2011}
}

@inproceedings{sujeeth2011optiml,
  title={Opti{ML}: an implicitly parallel domain-specific language for machine learning},
  author={Sujeeth, Arvind and Lee, HyoukJoong and Brown, Kevin and Rompf, Tiark and Chafi, Hassan and Wu, Michael and Atreya, Anand and Odersky, Martin and Olukotun, Kunle},
  booktitle={International Conference on Machine Learning (ICML)},
  pages={609--616},
  year={2011},
  organization={IMLS}
}

@inproceedings{cai2013simsql,
  title={Simulation of database-valued {M}arkov chains using {S}im{SQL}},
  author={Cai, Zhuhua and Vagena, Zografoula and Perez, Luis Leopoldo and Arumugam, Subramanian and Haas, Peter J and Jermaine, Christopher},
  booktitle={SIGMOD},
  pages={637--648},
  year={2013},
}

@article{alexandrov2014stratosphere,
  title={The {S}tratosphere platform for big data analytics},
  author={Alexandrov, Alexander and others},
  journal={VLDBJ},
  volume={23},
  number={6},
  pages={939--964},
  year={2014},
  publisher={Springer-Verlag New York, Inc.}
}

@inproceedings{alexandrov2015implicit,
  title={Implicit Parallelism through Deep Language Embedding},
  author={Alexandrov, Alexander and others},
  booktitle={SIGMOD},
  pages={47--61},
  year={2015},
}

@inproceedings{bancilhon1985magic,
  title={Magic sets and other strange ways to implement logic programs},
  author={Bancilhon, Francois and Maier, David and Sagiv, Yehoshua and Ullman, Jeffrey D},
  booktitle={PODS},
  pages={1--15},
  year={1985},
}

@book{kaagstrom1991gemm,
  title={GEMM-based level-3 BLAS},
  author={K{\aa}gstr{\"o}m, Bo and Van Loan, Charles F},
  year={1991},
  publisher={Cornell Theory Center, Cornell University}
}

@inproceedings{kennedy2007rise,
  title={The rise and fall of High Performance Fortran: an historical object lesson},
  author={Kennedy, Ken and Koelbel, Charles and Zima, Hans},
  booktitle={SIGPLAN conf. on History of PL},
  pages={7--1},
  year={2007},
  organization={ACM}
}

@inproceedings{yu2008dryadlinq,
  title={DryadLINQ: A System for General-Purpose Distributed Data-Parallel Computing Using a High-Level Language},
  author={Yu, Yuan and others},
  booktitle={OSDI},
  volume={8},
  OPTpages={1--14},
  year={2008}
}

@article{alsubaiee2014asterixdb,
  title={Asterix{DB}: A scalable, open source {BDMS}},
  author={Alsubaiee, Sattam and Altowim, Yasser and Altwaijry, Hotham and Behm, Alexander and Borkar, Vinayak and Bu, Yingyi and Carey, Michael and Cetindil, Inci and Cheelangi, Madhusudan and Faraaz, Khurram and others},
  journal={arXiv preprint arXiv:1407.0454},
  year={2014}
}

@inproceedings{zaharia2010spark,
  title={Spark: cluster computing with working sets},
  OPTauthor={Zaharia, Matei and Chowdhury, Mosharaf and Franklin, Michael J and Shenker, Scott and Stoica, Ion},
  author={Zaharia, Matei and others},
  booktitle={USENIX HotCloud},
  pages={1--10},
  year={2010}
}

@book{white2009hadoop,
  title={Hadoop: the definitive guide},
  author={White, Tom},
  year={2009},
  publisher={O'Reilly Media, Inc.}
}

@article{park2008lasso,
  title={The {B}ayesian {L}asso},
  author={Park, Trevor and Casella, George},
  journal={JASA},
  volume={103},
  number={482},
  pages={681--686},
  year={2008},
  publisher={Taylor \& Francis}
}

@inproceedings{huang2013cumulon,
  title={Cumulon: Optimizing statistical data analysis in the cloud},
  author={Huang, Botong and Babu, Shivnath and Yang, Jun},
  booktitle={SIGMOD},
  pages={1--12},
  year={2013},
}

@inproceedings{zhang2009riot,
  title={{RIOT}: {I}/{O}-Efficient Numerical Computing without {SQL}.},
  author={Zhang, Yi and Herodotou, Herodotos and Yang, Jun},
  booktitle={CIDR},
  year={2009}
}


@article{lunn2009bugs,
  title={The {BUGS} project: Evolution, critique and future directions},
  author={Lunn, David and Spiegelhalter, David and Thomas, Andrew and Best, Nicky},
  journal={Statistics in medicine},
  volume={28},
  number={25},
  pages={3049--3067},
  year={2009},
  publisher={Wiley}
}

@misc{stan2013,
  author = {{Stan Development Team}},
  year = {2013},
  title = {Stan: A {C}++ Library for Probability and Sampling,
           Version 2.1},
  url = {http://mc-stan.org/}
}


@article{buneman1994comp,
  title={Comprehension syntax},
  author={Buneman, Peter and Libkin, Leonid and Suciu, Dan and Tannen, Val and Wong, Limsoon},
  journal={SIGMOD Record},
  volume={23},
  pages={87--96},
  year={1994},
}



